
@misc{scg,
Author = {John Schulman and Nicolas Heess and Theophane Weber and Pieter Abbeel},
Title = {Gradient Estimation Using Stochastic Computation Graphs},
Year = {2015},
Eprint = {arXiv:1506.05254},
}

@misc{mrt,
Author = {Shiqi Shen and Yong Cheng and Zhongjun He and Wei He and Hua Wu and Maosong Sun and Yang Liu},
Title = {Minimum Risk Training for Neural Machine Translation},
Year = {2016},
Eprint = {},
}

@misc{abs_sumariz,
Author = {Romain Paulus and Caiming Xiong and Richard Socher},
Title = {A Deep Reinforced Model for Abstractive Summarization},
Year = {2017},
Eprint = {arXiv:1705.04304},
}

@article{pytorch,
  title={Automatic differentiation in PyTorch},
  author={Paszke, Adam and Gross, Sam and Chintala, Soumith and Chanan, Gregory and Yang, Edward and DeVito, Zachary and Lin, Zeming and Desmaison, Alban and Antiga, Luca and Lerer, Adam},
  year={2017}
}

@misc{scg_seq2seq,
Author = {Eugene Golikov and Vlad Zhukov and Maksim Kretov},
Title = {Using stochastic computation graphs formalism for optimization of sequence-to-sequence model},
Year = {2017},
Eprint = {arxiv:1711.077244},
}

@misc{mt,
Author = {Antonio Valerio Miceli Barone and Jindřich Helcl and Rico Sennrich and Barry Haddow and Alexandra Birch},
Title = {Deep Architectures for Neural Machine Translation},
Year = {2017},
Eprint = {arXiv:1707.07631},
}

@article{var_red,
Author = {Evan Greensmith and Peter L. Bartlett and Jonathan Baxter},
Title={Variance Reduction Techniques for Gradient Estimates in Reinforcement Learning},
Year = {2004},
}

@article{iwslt14,
Author = {Mauro Cettolo and Jan Niehues and Sebastian
Stuker and Luisa Bentivogli and Marcello Federico},
Title={Report on the 11th IWSLT Evaluation Campaign, IWSLT 201},
Year = {2014},
}

@misc{wmt14,
Author = {ACL2014},
Title = {Ninth workshop on statistical machine translation},
url = {http://www.statmt.org/wmt14/index.html}
}

@article{teacher_forcing,
Author = {Ronald J. Williams and David Zipser},
Title={A Learning Algorithm for Continually Running Fully Recurrent Neural Networks},
Year = {1989},
}

@misc{hard_attn,
Author = {Kelvin Xu and Jimmy Ba and Ryan Kiros and Kyunghyun Cho and Aaron Courville and Ruslan Salakhutdinov and Richard Zemel and Yoshua Bengio},
Title = {Show, Attend and Tell: Neural Image Caption Generation with Visual Attention},
Year = {2015},
Eprint = {arXiv:1502.03044},
}


@article{bleu,
Author = {Kishore Papineni and Salim Roukos and Todd Ward and Wei-Jing Zhu},
Title={Bleu: a method
for automatic evaluation of machine translation},
Year = {2002},
}

@article{reinforce,
Author = {Ronald J. Williams},
Title={Simple Statistical Gradient-Following Algorithms for Connectionist Reinforcement Learning.},
Year = {1992},
}

@article{pg,
Author = {Richard S. Sutton and David McAllester and Satinder Singh and Yishay Mansour},
Title={Policy Gradient Methods for Reinforcement Learning with Function Approximation.},
Year = {2000},
}

@misc{seq2seq,
Author = {Ilya Sutskever and Oriol Vinyals and Quoc V. Le},
Title = {Sequence to Sequence Learning with Neural Networks},
Year = {2014},
Eprint = {arXiv:1409.3215},
}

@article{Minimum_Risk,
  author    = {Shiqi Shen and
               Yong Cheng and
               Zhongjun He and
               Wei He and
               Hua Wu and
               Maosong Sun and
               Yang Liu},
  title     = {Minimum Risk Training for Neural Machine Translation},
  journal   = {CoRR},
  volume    = {abs/1512.02433},
  year      = {2015},
  url       = {http://arxiv.org/abs/1512.02433},
  archivePrefix = {arXiv},
  eprint    = {1512.02433},
  timestamp = {Thu, 15 Mar 2018 16:00:25 +0100},
  biburl    = {https://dblp.org/rec/bib/journals/corr/ShenCHHWSL15},
  bibsource = {dblp computer science bibliography, https://dblp.org}
}

@article{Ranzato,
  author    = {Marc'Aurelio Ranzato and
               Sumit Chopra and
               Michael Auli and
               Wojciech Zaremba},
  title     = {Sequence Level Training with Recurrent Neural Networks},
  journal   = {CoRR},
  volume    = {abs/1511.06732},
  year      = {2015},
  url       = {http://arxiv.org/abs/1511.06732},
  archivePrefix = {arXiv},
  eprint    = {1511.06732},
  timestamp = {Wed, 07 Jun 2017 14:41:00 +0200},
  biburl    = {https://dblp.org/rec/bib/journals/corr/RanzatoCAZ15},
  bibsource = {dblp computer science bibliography, https://dblp.org}
}

@article{Wiseman,
  author    = {Sam Wiseman and
               Alexander M. Rush},
  title     = {Sequence-to-Sequence Learning as Beam-Search Optimization},
  journal   = {CoRR},
  volume    = {abs/1606.02960},
  year      = {2016},
  url       = {http://arxiv.org/abs/1606.02960},
  archivePrefix = {arXiv},
  eprint    = {1606.02960},
  timestamp = {Wed, 07 Jun 2017 14:40:09 +0200},
  biburl    = {https://dblp.org/rec/bib/journals/corr/WisemanR16},
  bibsource = {dblp computer science bibliography, https://dblp.org}
}

@misc{scheduled_sampling,
Author = {Samy Bengio and Oriol Vinyals and Navdeep Jaitly and Noam Shazeer},
Title = {Scheduled Sampling for Sequence Prediction with Recurrent Neural Networks},
Year = {2015},
Eprint = {arXiv:1506.03099},
}

@misc{vae,
Author = {Diederik P Kingma and Max Welling},
Title = {Auto-Encoding Variational Bayes},
Year = {2013},
Eprint = {arXiv:1312.6114},
}

@misc{concrete,
Author = {Chris J. Maddison and Andriy Mnih and Yee Whye Teh},
Title = {The Concrete Distribution: A Continuous Relaxation of Discrete Random Variables},
Year = {2016},
Eprint = {arXiv:1611.00712},
}

@misc{gumbel,
Author = {Eric Jang and Shixiang Gu and Ben Poole},
Title = {Categorical Reparameterization with Gumbel-Softmax},
Year = {2016},
Eprint = {arXiv:1611.01144},
}

@misc{mixer,
Author = {Marc'Aurelio Ranzato and Sumit Chopra and Michael Auli and Wojciech Zaremba},
Title = {Sequence Level Training with Recurrent Neural Networks},
Year = {2015},
Eprint = {arXiv:1511.06732},
}

@article{lstm,
Author = {Sepp Hochreiter and Jurgen Schmidhuber},
Title = {Long short-term memory},
Year = {1997},
Journal = {Neural Computation},
Pages = {9:1735–1780}
}

@misc{first_summ,
Author = {Alexander M. Rush and Sumit Chopra and Jason Weston},
Title = {A Neural Attention Model for Abstractive Sentence Summarization},
Year = {2015},
Eprint = {arXiv:1509.00685},
}

@misc{bso,
Author = {Sam Wiseman and Alexander M. Rush},
Title = {Sequence-to-Sequence Learning as Beam-Search Optimization},
Year = {2016},
Eprint = {arXiv:1606.02960},
}

@misc{ner_seq2seq,
Author = {Kartik Goyal and Graham Neubig and Chris Dyer and Taylor Berg-Kirkpatrick},
Title = {A Continuous Relaxation of Beam Search for End-to-end Training of Neural Sequence Models},
Year = {2017},
Eprint = {arXiv:1708.00111},
}

@misc{attn,
Author = {Minh-Thang Luong and Hieu Pham and Christopher D. Manning},
Title = {Effective Approaches to Attention-based Neural Machine Translation
},
Year = {2015},
Eprint = {arXiv:1508.04025},
}

@misc{fasttext,
  Author = {Bojanowski, Piotr and Grave, Edouard and Joulin, Armand and Mikolov, Tomas},
  Title = {Enriching Word Vectors with Subword Information},
  Year = {2016},
  Eprint= {arXiv:1607.04606},
}

@misc{adam,
Author = {Diederik P. Kingma and Jimmy Ba},
Title = {Adam: A Method for Stochastic Optimization},
Year = {2014},
Eprint = {arXiv:1412.6980},
}

@misc{rebar,
Author = {George Tucker and Andriy Mnih and Chris J. Maddison and Dieterich Lawson and Jascha Sohl-Dickstein},
Title = {REBAR: Low-variance, Unbiased Gradient Estimates for Discrete Latent Variable Models},
Year = {2017},
Eprint = {arXiv:1703.07370},
}

@misc{rouge,
Author = {Chin-Yew Lin},
Title = {ROUGE: A Package for Automatic Evaluation of Summaries},
Year = {2004},
Eprint = {http://aclweb.org/anthology/W04-1013},
}

@misc{eval_empir,
Author = {Chia-Wei Liu and Ryan Lowe and Iulian V. Serban and Michael Noseworthy and Laurent Charlin and Joelle Pineau},
Title = {How NOT To Evaluate Your Dialogue System: An Empirical Study of Unsupervised Evaluation Metrics for Dialogue Response Generation},
Year = {2016},
Eprint = {arXiv:1603.08023},
}

@misc{beam,
Author = {Sam Wiseman and Alexander M. Rush},
Title = {Sequence-to-Sequence Learning as Beam-Search Optimization},
Year = {2016},
Eprint = {arXiv:1606.02960},
}

@misc{cont_beam,
Author = {Kartik Goyal and Graham Neubig and Chris Dyer and Taylor Berg-Kirkpatrick},
Title = {A Continuous Relaxation of Beam Search for End-to-end Training of Neural Sequence Models},
Year = {2017},
Eprint = {arXiv:1708.00111},
}
